1635751782.5196555,0.3,0.0
1635751783.021438,0.3,0.3
1635751783.5232954,0.18,0.3
1635751784.0249782,0.18,0.3
1635751784.526766,0.3,0.3
1635751785.0284731,0.3,0.3
1635751785.5300083,0.18,0.3
1635751786.031551,0.3,0.3
1635751786.5331354,0.3,0.3
1635751787.034748,0.3,0.3
1635751787.5364487,0.18,0.3
1635751788.0381522,0.3,0.3
1635751788.5397801,0.3,0.3
1635751789.0413618,0.3,0.18
1635751789.5429573,0.3,0.3
1635751790.0447538,0.18,0.3
1635751790.5469513,0.18,0.3
1635751791.0486007,0.18,0.3
1635751791.5502794,0.3,0.3
1635751792.0519314,0.0375,0.3
1635751792.5541213,0.0375,0.3
1635751793.0563571,0.18,0.3
1635751793.5589826,0.0375,0.3
1635751794.0610354,0.18,0.3
1635751794.5626686,0.18,0.3
1635751795.064632,0.0375,0.3
1635751795.5662417,0.18,0.3
1635751796.06795,0.11249999999999999,0.3
1635751796.570475,0.11249999999999999,0.3
1635751797.0726914,0.18,0.3
1635751797.5746999,0.11249999999999999,0.3
1635751798.0767744,0.18,0.3
1635751798.5786455,0.18,0.3
1635751799.0802522,0.135,0.3
1635751799.581897,0.18,0.3
1635751800.0831492,0.3,0.3
1635751800.5848145,0.18,0.3
1635751801.0868635,0.18,0.3
1635751801.5889828,0.3,0.3
1635751802.0913646,0.18,0.3
1635751802.5937104,0.18,0.3
1635751803.0952678,0.3,0.18
1635751803.59695,0.3,0.3
1635751804.098722,0.3,0.3
1635751804.6004183,0.3,0.3
1635751805.1019998,0.3,0.3
1635751805.6032035,0.18,0.3
1635751806.1049309,0.18,0.3
1635751806.606607,0.3,0.0375
1635751807.108358,0.3,0.18
1635751807.6101773,0.18,0.3
1635751808.111937,0.3,0.3
1635751808.613974,0.18,0.3
1635751809.115585,0.11249999999999999,0.3
1635751809.6177638,0.135,0.3
1635751810.1203973,0.18,0.3
1635751810.6225338,0.0375,0.3
1635751811.1246898,0.0375,0.3
1635751811.6271458,0.11249999999999999,0.3
1635751812.1292965,0.18,0.3
1635751812.6311688,0.18,0.3
1635751813.1329381,0.0375,0.3
1635751813.6347578,0.18,0.3
1635751814.1363077,0.0375,0.3
1635751814.6387537,0.11249999999999999,0.3
1635751815.140798,0.18,0.3
1635751815.6431615,0.11249999999999999,0.3
1635751816.1455534,0.18,0.3
1635751816.6471915,0.18,0.3
1635751817.1489344,0.18,0.3
1635751817.650708,0.3,0.3
1635751818.1523511,0.18,0.3
1635751818.65452,0.3,0.3
1635751819.1567974,0.18,0.3
1635751819.6583927,0.18,0.3
1635751820.159882,0.3,0.18
1635751820.6613858,0.18,0.3
1635751821.1631637,0.3,0.3
1635751821.6648874,0.3,0.3
1635751822.1664233,0.3,0.3
1635751822.6680043,0.3,0.18
1635751823.1696262,0.18,0.3
1635751823.6718824,0.18,0.3
1635751824.173703,0.3,0.18
1635751824.6755397,0.3,0.3
1635751825.1771727,0.11249999999999999,0.3
1635751825.6788785,0.0375,0.3
1635751826.1806464,0.18,0.3
1635751826.6825645,0.18,0.3
1635751827.1843066,0.0375,0.3
1635751827.6860678,0.18,0.3
1635751828.1877255,0.18,0.3
1635751828.68928,0.0375,0.3
1635751829.1907735,0.0375,0.3
1635751829.692222,0.18,0.3
1635751830.193703,0.0375,0.3
1635751830.6953425,0.0375,0.3
1635751831.1968007,0.11249999999999999,0.3
1635751831.6984138,0.18,0.3
1635751832.2000115,0.0375,0.3
1635751832.7017136,0.18,0.3
1635751833.203941,0.3,0.3
1635751833.7060268,0.18,0.3
1635751834.2077584,0.0375,0.3
1635751834.709708,0.3,0.3
1635751835.2115083,0.3,0.3
1635751835.713205,0.18,0.3
1635751836.2147768,0.18,0.3
1635751836.7164462,0.3,0.18
1635751837.2180755,0.18,0.3
1635751837.7196703,0.3,0.18
1635751838.2212527,0.18,0.3
1635751838.7228043,0.3,0.18
1635751839.2244415,0.18,0.3
1635751839.7260845,0.3,0.3
1635751840.2277257,0.3,0.3
1635751840.729393,0.3,0.3
1635751841.2313824,0.3,0.3
1635751841.7332222,0.3,0.3
1635751842.2352617,0.3,0.3
1635751842.7369184,0.18,0.3
1635751843.2385912,0.0375,0.3
1635751843.7407923,0.0375,0.3
1635751844.2428966,0.18,0.3
1635751844.7450678,0.135,0.3
1635751845.2471879,0.0375,0.3
1635751845.7492223,0.18,0.3
1635751846.250848,0.18,0.3
1635751846.7539437,0.0375,0.3
1635751847.2554584,0.0375,0.3
1635751847.7576792,0.11249999999999999,0.3
1635751848.259412,0.11249999999999999,0.3
1635751848.7619288,0.18,0.3
1635751849.2637906,0.18,0.3
1635751849.7655675,0.0375,0.3
1635751850.2672174,0.3,0.3
1635751850.7689314,0.18,0.3
1635751851.27091,0.18,0.3
1635751851.7726538,0.18,0.3
1635751852.2749226,0.18,0.3
1635751852.7769482,0.3,0.3
1635751853.279888,0.3,0.3
1635751853.7814975,0.3,0.3
1635751854.2844865,0.18,0.3
1635751854.7868412,0.3,0.18
1635751855.2883441,0.18,0.3
1635751855.78996,0.3,0.3
1635751856.2914996,0.3,0.3
1635751856.7931967,0.3,0.3
1635751857.2950878,0.3,0.3
1635751857.7968185,0.18,0.3
1635751858.298497,0.18,0.3
1635751858.8002534,0.3,0.3
1635751859.302261,0.0375,0.3
1635751859.8040366,0.11249999999999999,0.3
1635751860.3055758,0.18,0.3
1635751860.807173,0.11249999999999999,0.3
1635751861.3088322,0.11249999999999999,0.3
1635751861.8110197,0.18,0.3
1635751862.3127627,0.135,0.3
1635751862.8144236,0.18,0.3
1635751863.3160293,0.0375,0.3
1635751863.8176425,0.11249999999999999,0.3
1635751864.3193681,0.18,0.3
1635751864.8210013,0.0375,0.3
1635751865.3226905,0.11249999999999999,0.3
1635751865.8247755,0.18,0.3
1635751866.3266428,0.18,0.3
1635751866.8284376,0.18,0.3
1635751867.3302212,0.18,0.3
1635751867.833351,0.3,0.3
1635751868.33602,0.18,0.3
1635751868.8385475,0.3,0.3
1635751869.340659,0.18,0.3
1635751869.8422382,0.18,0.3
1635751870.3437228,0.3,0.18
1635751870.8452165,0.18,0.3
1635751871.3466766,0.3,0.3
1635751871.8481948,0.3,0.3
1635751872.349704,0.3,0.3
1635751872.8512762,0.18,0.3
1635751873.3529649,0.3,0.3
1635751873.8551543,0.3,0.18
1635751874.3570306,0.3,0.18
1635751874.8587775,0.18,0.3
1635751875.360695,0.3,0.18
1635751875.8628259,0.18,0.3
1635751876.3653915,0.11249999999999999,0.3
1635751876.8670738,0.0375,0.3
1635751877.3687098,0.18,0.3
1635751877.8703666,0.18,0.3
1635751878.3723905,0.0375,0.3
1635751878.8740437,0.0375,0.3
1635751879.375852,0.18,0.3
1635751879.87765,0.0375,0.3
1635751880.3792634,0.18,0.3
1635751880.8808334,0.11249999999999999,0.3
1635751881.382517,0.11249999999999999,0.3
1635751881.8841498,0.11249999999999999,0.3
1635751882.3862464,0.18,0.3
1635751882.8883438,0.0375,0.3
1635751883.3900201,0.18,0.3
1635751883.8917694,0.18,0.3
1635751884.3932846,0.18,0.3
1635751884.8950028,0.18,0.3
1635751885.3966055,0.3,0.3
1635751885.9019804,0.18,0.3
1635751886.4037359,0.18,0.3
1635751886.905347,0.3,0.3
1635751887.407107,0.3,0.3
1635751887.9086938,0.18,0.3
1635751888.410411,0.3,0.3
1635751888.9120939,0.3,0.3
1635751889.4197733,0.3,0.3
1635751889.9216876,0.3,0.3
1635751890.4233263,0.3,0.3
1635751890.925343,0.3,0.3
1635751891.4270182,0.3,0.3
1635751891.9288685,0.0375,0.3
1635751892.4314916,0.0375,0.3
1635751892.933764,0.18,0.3
1635751893.4355185,0.18,0.3
1635751893.9371269,0.18,0.3
1635751894.4387116,0.11249999999999999,0.3
1635751894.9403307,0.11249999999999999,0.3
1635751895.4420013,0.11249999999999999,0.3
1635751895.9436681,0.18,0.3
1635751896.4454618,0.11249999999999999,0.3
1635751896.9473367,0.0375,0.3
1635751897.4494624,0.0375,0.3
1635751897.9511607,0.18,0.3
1635751898.4528883,0.0375,0.3
1635751898.954945,0.135,0.3
1635751899.4574277,0.3,0.3
1635751899.9594862,0.11249999999999999,0.3
1635751900.46107,0.18,0.3
1635751900.9627504,0.18,0.3
1635751901.4644573,0.3,0.3
1635751901.966136,0.11249999999999999,0.3
1635751902.4677854,0.3,0.3
1635751902.969472,0.18,0.3
1635751903.4711375,0.3,0.18
1635751903.9728158,0.18,0.3
1635751904.4759574,0.3,0.3
1635751904.9786308,0.3,0.3
1635751905.4812698,0.3,0.3
1635751905.9839582,0.18,0.3
1635751906.4862413,0.3,0.3
1635751906.988727,0.3,0.18
1635751907.4904659,0.3,0.3
1635751907.992043,0.18,0.3
1635751908.4936693,0.3,0.3
1635751908.9953232,0.18,0.3
1635751909.49695,0.0375,0.3
1635751909.998633,0.18,0.3
1635751910.5001836,0.0375,0.3
1635751911.0017984,0.18,0.3
1635751911.5031857,0.18,0.3
1635751912.0049133,0.0375,0.3
1635751912.5072823,0.0375,0.3
1635751913.0090392,0.18,0.3
1635751913.5107806,0.11249999999999999,0.3
1635751914.0124006,0.0375,0.3
1635751914.5141222,0.11249999999999999,0.3
1635751915.0160403,0.18,0.3
1635751915.5181525,0.18,0.3
1635751916.0198462,0.0375,0.3
1635751916.5215952,0.18,0.3
1635751917.0232425,0.3,0.3
1635751917.5248942,0.18,0.3
1635751918.026522,0.18,0.3
1635751918.5281644,0.18,0.3
1635751919.0299325,0.3,0.3
1635751919.531576,0.3,0.3
1635751920.0331886,0.18,0.3
1635751920.5348725,0.3,0.18
1635751921.036491,0.18,0.3
1635751921.5383022,0.3,0.3
1635751922.0404181,0.3,0.3
1635751922.5423493,0.3,0.3
1635751923.0441701,0.3,0.3
1635751923.5460877,0.3,0.3
1635751924.047863,0.18,0.3
1635751924.5496287,0.18,0.3
1635751925.0513368,0.18,0.3
1635751925.5530376,0.18,0.3
1635751926.054719,0.11249999999999999,0.3
1635751926.5564737,0.11249999999999999,0.3
1635751927.058085,0.18,0.3
1635751927.5596955,0.0375,0.3
1635751928.0613985,0.18,0.3
1635751928.5629823,0.0375,0.3
1635751929.0646732,0.18,0.3
1635751929.5666714,0.18,0.3
1635751930.0688055,0.0375,0.3
1635751930.5708683,0.18,0.3
1635751931.0726123,0.0375,0.3
1635751931.574712,0.0375,0.3
1635751932.076715,0.18,0.3
1635751932.5787501,0.18,0.3
1635751933.0809927,0.135,0.3
1635751933.5830374,0.18,0.3
1635751934.0852451,0.3,0.3
1635751934.5874329,0.18,0.3
1635751935.088921,0.18,0.3
1635751935.5904007,0.3,0.3
1635751936.0918941,0.3,0.3
1635751936.5931623,0.18,0.3
1635751937.0948498,0.3,0.3
1635751937.5963595,0.18,0.3
1635751938.0983818,0.3,0.3
1635751938.6002924,0.3,0.3
1635751939.1020813,0.3,0.3
1635751939.6037967,0.3,0.18
1635751940.1055276,0.3,0.3
1635751940.6073318,0.3,0.18
1635751941.109162,0.3,0.3
1635751941.6108823,0.18,0.3
1635751942.1125834,0.0375,0.3
1635751942.6145127,0.18,0.3
1635751943.1161854,0.11249999999999999,0.3
1635751943.6178575,0.0375,0.3
1635751944.1194537,0.11249999999999999,0.3
1635751944.62109,0.18,0.3
1635751945.1227453,0.0375,0.3
1635751945.6242907,0.18,0.3
1635751946.1259065,0.0375,0.3
1635751946.6276047,0.18,0.3
1635751947.129503,0.0375,0.3
1635751947.6315317,0.11249999999999999,0.3
1635751948.13328,0.18,0.3
1635751948.6350367,0.18,0.3
1635751949.1370738,0.0375,0.3
1635751949.6390333,0.18,0.3
1635751950.1413114,0.18,0.3
1635751950.6434503,0.3,0.3
1635751951.1459315,0.18,0.3
1635751951.65441,0.18,0.3
1635751952.156186,0.3,0.3
1635751952.6578302,0.3,0.3
1635751953.1597295,0.18,0.3
1635751953.6615236,0.3,0.3
1635751954.164849,0.3,0.3
1635751954.6673672,0.18,0.3
1635751955.1696231,0.3,0.3
1635751955.6720178,0.3,0.3
1635751956.174266,0.3,0.3
1635751956.6761699,0.3,0.3
1635751957.178464,0.3,0.3
1635751957.68075,0.0375,0.3
1635751958.182893,0.11249999999999999,0.3
1635751958.6850674,0.18,0.3
1635751959.1868644,0.18,0.3
1635751959.6886022,0.11249999999999999,0.3
1635751960.1904886,0.18,0.3
1635751960.692525,0.0375,0.3
1635751961.2031603,0.11249999999999999,0.3
1635751961.7053428,0.18,0.3
1635751962.207453,0.0375,0.3
1635751962.7093437,0.0375,0.3
1635751963.2129667,0.0375,0.3
1635751963.7145739,0.18,0.3
1635751964.2161887,0.0375,0.3
1635751964.7179687,0.135,0.3
1635751965.220181,0.18,0.3
1635751965.7218828,0.18,0.3
1635751966.22415,0.3,0.3
1635751966.7258697,0.18,0.3
1635751967.227937,0.18,0.3
1635751967.7306302,0.11249999999999999,0.3
1635751968.2331789,0.3,0.18
1635751968.735582,0.3,0.18
1635751969.237826,0.18,0.3
1635751969.7398713,0.18,0.3
1635751970.241362,0.18,0.3
1635751970.742873,0.18,0.3
1635751971.244442,0.3,0.144
1635751971.745957,0.3,0.18
1635751972.247507,0.18,0.3
1635751972.749199,0.3,0.3
1635751973.2508886,0.3,0.3
1635751973.7528174,0.3,0.3
1635751974.2549958,0.3,0.3
1635751974.7567556,0.18,0.3
1635751975.2584798,0.3,0.3
1635751975.7602808,0.18,0.3
1635751976.262147,0.0375,0.3
1635751976.7644494,0.135,0.3
1635751977.2658827,0.18,0.3
1635751977.767514,0.0375,0.3
1635751978.2691193,0.18,0.3
1635751978.7707171,0.0375,0.3
1635751979.2724383,0.11249999999999999,0.3
1635751979.774155,0.18,0.3
1635751980.2759717,0.0375,0.3
1635751980.777535,0.0375,0.3
1635751981.279152,0.11249999999999999,0.3
1635751981.780867,0.18,0.3
1635751982.282778,0.18,0.3
1635751982.7847192,0.0375,0.3
1635751983.2865534,0.3,0.3
1635751983.7883534,0.18,0.3
1635751984.2901511,0.18,0.3
1635751984.7918444,0.18,0.3
1635751985.294035,0.18,0.3
